@book{gil2010, 
author = {Gil, Antonio Carlos}, 
title = {Como elaborar projetos de pesquisa}, edition = {5}, 
publisher = {Atlas}, 
year = {2010}, 
isbn = {8522458235, 9788522458233}, pages = {184} }